
@article{beckers_consentement_nodate,
	title = {Le consentement au traitement de données à caractère personnel à l'ère du numérique et des innovations technologiques : le crépuscule d'un mythe ?},
	language = {fr},
	author = {Beckers, H},
	file = {Beckers - Le consentement au traitement de données à caractè.pdf:/Users/cedricoctave/Zotero/storage/PXN4RRZN/Beckers - Le consentement au traitement de données à caractè.pdf:application/pdf},
}

@misc{cdp_definition_2021,
	title = {Définition de la confidentialité des données - {Glossaire} \#separator\_saune {CDP}.com},
	url = {https://cdp.com/fr/glossaire/la-confidentialite-des-donnees/},
	abstract = {La confidentialité des données est le processus qui consiste à donner aux consommateurs le droit de dire qui peut utiliser leurs informations, ce qu'ils peuvent utiliser et comment ils peuvent l'utiliser.},
	language = {fr-FR},
	urldate = {2024-02-14},
	author = {{CDP}},
	month = dec,
	year = {2021},
	file = {Snapshot:/Users/cedricoctave/Zotero/storage/S8YNNVRM/la-confidentialite-des-donnees.html:text/html},
}

@misc{techtarget_que_2018,
	title = {Que signifie {Collecte} de données? - {Definition} {IT} de {LeMagIT}},
	shorttitle = {Que signifie {Collecte} de données?},
	url = {https://www.lemagit.fr/definition/Collecte-de-donnees},
	abstract = {Par collecte de données, on entend l'approche systématique qui consiste à réunir et à mesurer des informations en provenance de sources variées, afin d'obtenir une vue complète et précise d'un domaine d'intérêt. La collecte des données permet à une personne ou à une entreprise de répondre à des questions pertinentes, d'évaluer des résultats et de mieux anticiper les probabilités et les tendances à venir.},
	language = {fr},
	urldate = {2024-02-14},
	author = {TechTarget, La Rédaction},
	year = {2018},
	annote = {Publication Title: LeMagIT},
}

@misc{droit_donnees_2024,
	title = {Données personnelles : définition, exemples \& quiz},
	shorttitle = {Données personnelles},
	url = {https://monexpertdudroit.com/rgpd/donnees-personnelles/},
	abstract = {Les données personnelles sont toutes les informations relatives à une personne physique identifiée ou identifiable et protégées par le RGPD. Apprenez à les reconnaitre, à les protéger, etc..},
	language = {fr-FR},
	urldate = {2024-02-14},
	author = {droit, Expert du},
	year = {2024},
	annote = {Publication Title: Mon Expert du Droit},
}

@misc{noauthor_violation_nodate,
	title = {Violation de données},
	url = {https://www.cnil.fr/fr/definition/violation-de-donnees},
	abstract = {Une violation de la sécurité se caractérise par la destruction, la perte, l'altération, la divulgation non autorisée de données à caractère personnel transmises, conservées ou traitées d'une autre manière, ou l'accès non autorisé à de telles données, de manière accidentelle ou illicite.},
	language = {fr},
	urldate = {2024-02-14},
	file = {Snapshot:/Users/cedricoctave/Zotero/storage/XP92QBLU/violation-de-donnees.html:text/html},
}

@misc{cnil_violation_2024,
	title = {Violation de données},
	url = {https://www.cnil.fr/fr/definition/violation-de-donnees},
	abstract = {Une violation de la sécurité se caractérise par la destruction, la perte, l'altération, la divulgation non autorisée de données à caractère personnel transmises, conservées ou traitées d'une autre manière, ou l'accès non autorisé à de telles données, de manière accidentelle ou illicite.},
	language = {fr},
	urldate = {2024-02-14},
	author = {{CNIL}},
	year = {2024},
}

@misc{info_reglement_2023,
	title = {Le règlement général sur la protection des données ({RGPD}), mode d’emploi},
	url = {https://www.economie.gouv.fr/entreprises/reglement-general-protection-donnees-rgpd},
	abstract = {Le règlement général sur la protection des données (RGPD) est entré en application le 25 mai 2018 pour mieux encadrer le traitement des données. Quel impact en matière de protection des données personnelles pour les professionnels pour les professionnels ? Quelles entreprises sont concernées ? Quelles informations apporter à l'internaute ? On fait le tour de la question.},
	language = {fr},
	urldate = {2024-02-14},
	author = {info, bercy},
	year = {2023},
}

@article{walczak_protection_nodate,
	title = {La protection des données personnelles sur l'internet. {Analyse} des discours et des enjeux sociopolitiques},
	author = {Walczak, Nathalie},
	file = {Walczak - La protection des données personnelles sur l'inter.pdf:/Users/cedricoctave/Zotero/storage/Y4D4YFA3/Walczak - La protection des données personnelles sur l'inter.pdf:application/pdf},
}

@misc{atayi_donnees_2022,
	title = {Données personnelles : {Nos} 10 meilleurs conseils pour les protéger},
	shorttitle = {Données personnelles},
	url = {https://www.jpg.fr/centre-de-connaissances/dossiers/comment-proteger-ses-donnees-personnelles-nos-10-meilleurs-conseils.html},
	abstract = {Nos données personnelles sont susceptibles d'être utilisées à mauvais escient. Voici nos 10 meilleurs conseils afin de les protéger},
	language = {fr-FR},
	urldate = {2024-02-15},
	author = {Atayi, Marlon},
	month = feb,
	year = {2022},
	annote = {Publication Title: JPG®},
	file = {Snapshot:/Users/cedricoctave/Zotero/storage/4SHDJLJH/comment-proteger-ses-donnees-personnelles-nos-10-meilleurs-conseils.html:text/html},
}

@article{trudel_protection_2006,
	title = {La protection de la vie privée dans les réseaux: des paradigmes alarmistes aux garanties effectives},
	volume = {61},
	issn = {0003-4347, 1958-9395},
	shorttitle = {La protection de la vie privée dans les réseaux},
	url = {http://link.springer.com/10.1007/BF03219873},
	doi = {10.1007/BF03219873},
	abstract = {Actualization of legal approaches are needed to protect effectively the right of privacy. In network environments, data circulates and it is persistent. Trying to prevent misuse by hindering circulation is less and less effective. Legal framework must be reframed in order to improve guarantees of quality of information used to take decisions about individuals. In network universe, information is persistent and circulating. Trying to prevent information circulation just in case that it would be misused is a costly and inefficient approach.},
	language = {fr},
	number = {7-8},
	urldate = {2024-02-15},
	journal = {annals of telecommunications - annales des télécommunications},
	author = {Trudel, Pierre},
	month = aug,
	year = {2006},
	pages = {950--974},
	file = {Trudel - 2006 - La protection de la vie privée dans les réseaux d.pdf:/Users/cedricoctave/Zotero/storage/CNYIKYRI/Trudel - 2006 - La protection de la vie privée dans les réseaux d.pdf:application/pdf},
}

@misc{le_baleineau_rgpd_2020,
	title = {Le {RGPD} en résumé : {Ce} que vous devez absolument savoir},
	shorttitle = {Le {RGPD} en résumé},
	url = {https://labaleinebasque.fr/rgpd-resume/},
	abstract = {Vous êtes un peu perdu avec le RGPD ? Pas de panique : nous vous résumons ici tout ce que vous devez savoir sur le sujet.},
	language = {fr-FR},
	urldate = {2024-02-18},
	author = {Le Baleineau},
	year = {2020},
	note = {Publication Title: La Baleine Basque},
	annote = {Section: Web et Confidentialité},
	file = {Snapshot:/Users/cedricoctave/Zotero/storage/CGY8BCY4/rgpd-resume.html:text/html},
}
